@Book{Pandas,
	Title                    = {pandas: powerful Python data analysis toolkit, Version 1.3.5, Dec 12, 2021},
	Author                   = {Wes McKinney}
}
