@book{MPD,
	author = {Otterlo, M. and Wiering, M.},
	year = {2012},
	title = {Reinforcement learning and markov decision processes. Reinforcement Learning. Adaptation, Learning, and Optimization. Vol. 12},
}

@book{MPD2,
	author = {Richard S Sutton and Andrew G Barto},
	year = {2018},
	title = {Reinforcement learning: An introduction.
	MIT press},
	publisher = {url: http://incompleteideas.net/book/RLbook2020.pdf.},
}
