@Book{Stricker2021,
	Title                    = {2D Projective Transformations(Homographies), 3D Computer Vision, Kaiserslautern University},
	Author                   = {Stricker D.~Prof.}
}
